@PREAMBLE{
 "\providecommand{\noopsort}[1]{}" 
 # "\providecommand{\singleletter}[1]{#1}%" 
}

@ARTICLE{2019Chaos..29b3132P,
       author = {{Pace}, Salvatore D. and {Campbell}, David K.},
        title = "{Behavior and breakdown of higher-order Fermi-Pasta-Ulam-Tsingou recurrences}",
      journal = {Chaos},
     keywords = {Nonlinear Sciences - Pattern Formation and Solitons},
         year = 2019,
        month = feb,
       volume = {29},
       number = {2},
          eid = {023132},
        pages = {023132},
          doi = {10.1063/1.5079659},
archivePrefix = {arXiv},
       eprint = {1811.00663},
 primaryClass = {nlin.PS},
       adsurl = {https://ui.adsabs.harvard.edu/abs/2019Chaos..29b3132P},
      adsnote = {Provided by the SAO/NASA Astrophysics Data System}
}


@BOOK{top_physics,
   AUTHOR="M. Nakahara",
   TITLE="Geometry, Topology and Physics",
   PUBLISHER="Taylor & Francis Group",
   ADDRESS="FL",
   YEAR=2003,
 }

@BOOK{topology,
   AUTHOR="M.D. Crossley",
   TITLE="Essential Topology",
   PUBLISHER="Springer-Verlag",
   ADDRESS="NY",
   YEAR=2005,
}

@article {Delplace1075,
	author = {Delplace, Pierre and Marston, J. B. and Venaille, Antoine},
	title = {Topological origin of equatorial waves},
	volume = {358},
	number = {6366},
	pages = {1075--1077},
	year = {2017},
	doi = {10.1126/science.aan8819},
	issn = {0036-8075},
	URL = {https://science.sciencemag.org/content/358/6366/1075},
	eprint = {https://science.sciencemag.org/content/358/6366/1075.full.pdf},
	journal = {Science}
}



@article{parker2020topological, 
title={Topological phase in plasma physics}, volume={87}, 
DOI={10.1017/S0022377821000301}, 
number={2}, 
journal={Journal of Plasma Physics}, publisher={Cambridge University Press}, author={Parker, Jeffrey B.}, year={2021}, pages={835870202}}

@article{parker_plasmas,
  title = {Topological Gaseous Plasmon Polariton in Realistic Plasma},
  author = {Parker, Jeffrey B. and Marston, J. B. and Tobias, Steven M. and Zhu, Ziyan},
  journal = {Phys. Rev. Lett.},
  volume = {124},
  issue = {19},
  pages = {195001},
  numpages = {5},
  year = {2020},
  month = {May},
  publisher = {American Physical Society},
  doi = {10.1103/PhysRevLett.124.195001},
  url = {https://link.aps.org/doi/10.1103/PhysRevLett.124.195001}
}

@article{wang,
author = {Wang, Yao-Ting and Luan, Pi-Gang and Zhang, Shuang},
year = {2015},
month = {07},
pages = {073031},
title = {Coriolis force induced topological order for classical mechanical vibrations},
volume = {17},
journal = {New Journal of Physics},
doi = {10.1088/1367-2630/17/7/073031}
}

@article{z2pack,
  title = {Z2Pack: Numerical implementation of hybrid Wannier centers for identifying topological materials},
  author = {Gresch, Dominik and Aut\`es, Gabriel and Yazyev, Oleg V. and Troyer, Matthias and Vanderbilt, David and Bernevig, B. Andrei and Soluyanov, Alexey A.},
  journal = {Phys. Rev. B},
  volume = {95},
  issue = {7},
  pages = {075146},
  numpages = {24},
  year = {2017},
  month = {Feb},
  publisher = {American Physical Society},
  doi = {10.1103/PhysRevB.95.075146},
  url = {https://link.aps.org/doi/10.1103/PhysRevB.95.075146}
}

@article{hassan,
  title = {Colloquium: Topological insulators},
  author = {Hasan, M. Z. and Kane, C. L.},
  journal = {Rev. Mod. Phys.},
  volume = {82},
  issue = {4},
  pages = {3045--3067},
  numpages = {0},
  year = {2010},
  month = {Nov},
  publisher = {American Physical Society},
  doi = {10.1103/RevModPhys.82.3045},
  url = {https://link.aps.org/doi/10.1103/RevModPhys.82.3045}
}

@article{bulk-boundary,
  title = {Biorthogonal Bulk-Boundary Correspondence in Non-Hermitian Systems},
  author = {Kunst, Flore K. and Edvardsson, Elisabet and Budich, Jan Carl and Bergholtz, Emil J.},
  journal = {Phys. Rev. Lett.},
  volume = {121},
  issue = {2},
  pages = {026808},
  numpages = {6},
  year = {2018},
  month = {Jul},
  publisher = {American Physical Society},
  doi = {10.1103/PhysRevLett.121.026808},
  url = {https://link.aps.org/doi/10.1103/PhysRevLett.121.026808}
}